<record><leader>00000cas a22000007a 4500</leader><controlfield tag="001">9668339</controlfield><controlfield tag="008">830705d19uu198ugauwx ne      0   a0eng d</controlfield><datafield ind1=" " ind2=" " tag="010"><subfield code="a">sn 83007887 </subfield></datafield><datafield ind1=" " ind2=" " tag="040"><subfield code="a">NSD</subfield><subfield code="b">eng</subfield><subfield code="c">NSD</subfield><subfield code="d">OCLCQ</subfield></datafield><datafield ind1=" " ind2=" " tag="012"><subfield code="j">0</subfield><subfield code="m">d</subfield></datafield><datafield ind1="1" ind2=" " tag="022"><subfield code="a">0745-9904</subfield><subfield code="l">0745-9904</subfield><subfield code="2">1</subfield></datafield><datafield ind1=" " ind2=" " tag="037"><subfield code="b">Athens Newspapers, POB 912, Athens, Ga., 30613</subfield></datafield><datafield ind1=" " ind2=" " tag="042"><subfield code="a">nsdp</subfield></datafield><datafield ind1=" " ind2="0" tag="222"><subfield code="a">Banner-herald/the daily news</subfield></datafield><datafield ind1="0" ind2="0" tag="245"><subfield code="a">Banner-herald/the daily news.</subfield></datafield><datafield ind1="3" ind2="0" tag="246"><subfield code="a">Daily news</subfield></datafield><datafield ind1="3" ind2="0" tag="246"><subfield code="a">Banner herald</subfield></datafield><datafield ind1=" " ind2=" " tag="260"><subfield code="a">Athens, Ga. :</subfield><subfield code="b">[Athens Newspapers]</subfield></datafield><datafield ind1=" " ind2=" " tag="310"><subfield code="a">Fifty-nine issues a year</subfield></datafield><datafield ind1=" " ind2=" " tag="588"><subfield code="a">Description based on: Vol. 16, no. 25 (Sunday, June 12, 1983).</subfield></datafield><datafield ind1="0" ind2="0" tag="785"><subfield code="t">Athens daily news, Athens banner-herald</subfield><subfield code="x">0898-3712</subfield><subfield code="w">(DLC)sn 88000663</subfield></datafield></record>